@article{Reges2020Association,
  author    = {Reges, O. and Ning, H. and Wilkins, J. and Wu, C. and Tian, X. and Domanski, M. and Lloyd-Jones, D. and Allen, N.},
  year      = {2020},
  title     = {Association of Cumulative Systolic Blood Pressure With Long-Term Risk of Cardiovascular Disease and Healthy Longevity: Findings From the Lifetime Risk Pooling Project Cohorts.},
  journal   = {Hypertension},
  doi       = {10.1161/hypertensionaha.120.15650}
}

@article{Savoia2017Personalized,
  author    = {Savoia, C. and Volpe, M. and Grassi, G. and Borghi, C. and Rosei, A. and Touyz, R.},
  year      = {2017},
  title     = {Personalized medicineâ€”a modern approach for the diagnosis and management of hypertension},
  journal   = {Clinical Science (London, England : 1979)},
  volume    = {131},
  pages     = {2671--2685},
  doi       = {10.1042/cs20160407}
}

@article{Carey2018Prevention,
  author    = {Carey, R. and Muntner, P. and Bosworth, H. and Whelton, P.},
  year      = {2018},
  title     = {Prevention and Control of Hypertension: JACC Health Promotion Series.},
  journal   = {Journal of the American College of Cardiology},
  volume    = {72},
  number    = {11},
  pages     = {1278--1293},
  doi       = {10.1016/j.jacc.2018.07.008}
}

@article{Johnson2023MIMICIV,
  author    = {Johnson, A. and Bulgarelli, L. and Shen, L. and Gayles, A. and Shammout, A. and Horng, S. and Pollard, T. and Moody, B. and Gow, B. and Lehman, L. and Celi, L. and Mark, R.},
  year      = {2023},
  title     = {{MIMIC-IV}, a freely accessible electronic health record dataset},
  journal   = {Scientific Data},
  volume    = {10},
  number    = {1},
  pages     = {1},
  doi       = {10.1038/s41597-022-01899-x}
}

@inproceedings{S2024Impact,
  author    = {S, S. and Ramesh, P. and Narang, S. and Praveena, N. and Shakila, J. and Sudha, I.},
  year      = {2024},
  title     = {Impact of Random Forest and XGBoost Algorithms on Improving Patient Outcomes Compared to Standard Decision-Making Methods in Healthcare Predictive Analytics},
  booktitle = {2024 International Conference on Cybernation and Computation (CYBERCOM)},
  pages     = {694--699},
  doi       = {10.1109/cybercom63683.2024.10803246}
}

@article{Izonin2024Interpretable,
  author    = {Izonin, I. and Tkachenko, R. and Yemets, K. and Havryliuk, M.},
  year      = {2024},
  title     = {An interpretable ensemble structure with a non-iterative training algorithm to improve the predictive accuracy of healthcare data analysis},
  journal   = {Scientific Reports},
  volume    = {14},
  doi       = {10.1038/s41598-024-61776-y}
}

@article{Poon2021Opening,
  author    = {Poon, A. and Sung, J.},
  year      = {2021},
  title     = {Opening the black box of {AI-Medicine}},
  journal   = {Journal of Gastroenterology and Hepatology},
  volume    = {36},
  pages     = {581--584},
  doi       = {10.1111/jgh.15384}
}

@article{Rudin2018Stop,
  author    = {Rudin, C.},
  year      = {2019}, % Note: Original citation says 2018, but DOI resolves to 2019 publication date
  title     = {Stop explaining black box machine learning models for high stakes decisions and use interpretable models instead},
  journal   = {Nature Machine Intelligence},
  volume    = {1},
  pages     = {206--215},
  doi       = {10.1038/s42256-019-0048-x}
}

@article{Khan2024Guaranteeing,
  author    = {Khan, N. and Nauman, M. and Almadhor, A. and Akhtar, N. and Alghuried, A. and Alhudhaif, A.},
  year      = {2024},
  title     = {Guaranteeing Correctness in Black-Box Machine Learning: {A} Fusion of Explainable {AI} and Formal Methods for Healthcare Decision-Making},
  journal   = {IEEE Access},
  volume    = {12},
  pages     = {90299--90316},
  doi       = {10.1109/access.2024.3420415}
}

@article{Ali2023Enlightening,
  author    = {Ali, S. and Akhlaq, F. and Imran, A. and Kastrati, Z. and Daudpota, S. and Moosa, M.},
  year      = {2023},
  title     = {The enlightening role of explainable artificial intelligence in medical {\&} healthcare domains: {A} systematic literature review},
  journal   = {Computers in biology and medicine},
  volume    = {166},
  pages     = {107555},
  doi       = {10.1016/j.compbiomed.2023.107555}
}

@article{Nohara2021Explanation,
  author    = {Nohara, Y. and Matsumoto, K. and Soejima, H. and Nakashima, N.},
  year      = {2022}, % Note: Original citation says 2021, but DOI resolves to Feb 2022 publication date
  title     = {Explanation of Machine Learning Models Using {Shapley Additive Explanation} and Application for Real Data in Hospital},
  journal   = {Computer methods and programs in biomedicine},
  volume    = {214},
  pages     = {106584},
  doi       = {10.1016/j.cmpb.2021.106584}
}

@article{Elshawi2019Interpretability,
  author    = {Elshawi, R. and Al-Mallah, M. and Sakr, S.},
  year      = {2019},
  title     = {On the interpretability of machine learning-based model for predicting hypertension},
  journal   = {BMC Medical Informatics and Decision Making},
  volume    = {19},
  doi       = {10.1186/s12911-019-0874-0}
}

@article{Visco2023Artificial,
  author    = {Visco, V. and Izzo, C. and Mancusi, C. and Rispoli, A. and Tedeschi, M. and Virtuoso, N. and Giano, A. and Gioia, R. and Melfi, A. and Serio, B. and Rusciano, M. and Di Pietro, P. and Bramanti, A. and Galasso, G. and D'Angelo, G. and Carrizzo, A. and Vecchione, C. and Ciccarelli, M.},
  year      = {2023},
  title     = {Artificial Intelligence in Hypertension Management: An Ace up Your Sleeve},
  journal   = {Journal of Cardiovascular Development and Disease},
  volume    = {10},
  doi       = {10.3390/jcdd10020074}
}

@inproceedings{Ahmad2021Explainable,
  author    = {Ahmad, M. A. and Teredesai, A. and Eckert, C.},
  year      = {2021},
  title     = {Explainable {AI} in healthcare},
  booktitle = {Proceedings of the 2021 International Conference on Digital Health (DH '21)},
  pages     = {159--160},
  doi       = {10.1145/3469239.3469273}
}

@inproceedings{Chen2016XGBoost,
  author    = {Chen, T. and Guestrin, C.},
  year      = {2016},
  title     = {{XGBoost}: {A} scalable tree boosting system},
  booktitle = {Proceedings of the 22nd {ACM SIGKDD} International Conference on Knowledge Discovery and Data Mining},
  pages     = {785--794},
  doi       = {10.1145/2939672.2939785}
}

@article{EmmertStreib2024What,
  author    = {Emmert-Streib, F. and Yli-Harja, O.},
  year      = {2024},
  title     = {What is a Digital Twin? {Experimental} design for a data-centric machine learning perspective in health},
  journal   = {International Journal of Molecular Sciences},
  volume    = {25},
  number    = {5},
  pages     = {2759},
  doi       = {10.3390/ijms25052759}
}

@article{Fayyad1996From,
  author    = {Fayyad, U. and Piatetsky-Shapiro, G. and Smyth, P.},
  year      = {1996},
  title     = {From data mining to knowledge discovery in databases},
  journal   = {AI Magazine},
  volume    = {17},
  number    = {3},
  pages     = {37--54},
  doi       = {10.1609/aimag.v17i3.1230}
}

@inproceedings{Jeni2013Facing,
  author    = {Jeni, L. A. and Cohn, J. F. and De La Torre, F.},
  year      = {2013},
  title     = {Facing imbalanced data: {A} survey on the challenges of face analysis},
  booktitle = {2013 10th IEEE International Conference and Workshops on Automatic Face and Gesture Recognition (FG)},
  pages     = {1--8},
  doi       = {10.1109/FG.2013.6553803}
}

@article{Jia2023Explainable,
  author    = {Jia, Y. and Xu, J. and Liang, W. and Jia, P. and Zhang, H.},
  year      = {2023},
  title     = {Explainable {SHAP-XGBoost} models for in-hospital mortality after myocardial infarction},
  journal   = {Cardiovascular Digital Health Journal},
  volume    = {4},
  number    = {4},
  pages     = {126--132},
  doi       = {10.1016/j.cvdhj.2023.06.001}
}

% Duplicate Johnson2023MIMICIV - Already included above, using the first instance.

@article{Laubenbacher2022Building,
  author    = {Laubenbacher, R. and Niarakis, A. and Helikar, T. and An, G. and Wijnand, B. and KN, S.},
  year      = {2022},
  title     = {Building digital twins of the human immune system: {Toward} a virtual human},
  journal   = {npj Digital Medicine},
  volume    = {5},
  number    = {1},
  pages     = {64},
  doi       = {10.1038/s41746-022-00610-z}
}

@inproceedings{Lundberg2017Unified,
  author    = {Lundberg, S. M. and Lee, S. I.},
  year      = {2017},
  title     = {A unified approach to interpreting model predictions},
  booktitle = {Advances in Neural Information Processing Systems 30 (NIPS 2017)},
  pages     = {4765--4774}
}

@misc{Mao2023XGBoostEnhanced,
  author    = {Mao, B. and Wang, X. and Wang, H. and Lu, H. and Feng, C.},
  year      = {2023},
  title     = {{XGBoost-enhanced} prediction and interpretation of heart disease using {SHAP} values},
  howpublished = {Research Square [Preprint]},
  doi       = {10.21203/rs.3.rs-3079904/v1}
}

@article{Mills2020Global,
  author    = {Mills, K. T. and Stefanescu, A. and He, J.},
  year      = {2020},
  title     = {The global epidemiology of hypertension},
  journal   = {Nature Reviews Nephrology},
  volume    = {16},
  number    = {4},
  pages     = {223--237},
  doi       = {10.1038/s41581-019-0244-2}
}

@article{Rahman2021Predictive,
  author    = {Rahman, M. A. and Akter, S. and Shamim, M. M.},
  year      = {2021},
  title     = {Predictive modeling and statistical analysis of hypertension cases at a small teaching hospital},
  journal   = {International Research Journal of Engineering and Technology (IRJET)},
  volume    = {8},
  number    = {8},
  pages     = {1735--1740}
}

@article{Shickel2018Deep,
  author    = {Shickel, B. and Tighe, P. J. and Bihorac, A. and Rashidi, P.},
  year      = {2018},
  title     = {Deep {EHR}: {A} survey of recent advances in deep learning techniques for electronic health record ({EHR}) analysis},
  journal   = {IEEE Journal of Biomedical and Health Informatics},
  volume    = {22},
  number    = {5},
  pages     = {1589--1604},
  doi       = {10.1109/JBHI.2017.2767063}
}

@article{Taylor2023Hypertensive,
  author    = {Taylor, R.},
  year      = {2023},
  title     = {Hypertensive crisis: {A} review of pathophysiology and treatment},
  journal   = {Journal of Clinical Hypertension},
  volume    = {25},
  number    = {3},
  pages     = {248--258},
  doi       = {10.1111/jch.14652},
  note      = {(Catatan: Referensi ini dibuat berdasarkan sintesis dari hasil pencarian; detail spesifik mungkin perlu diverifikasi)}
}

@article{vanderMerwe2021Hypertensive,
  author    = {van der Merwe, W.},
  year      = {2021},
  title     = {Hypertensive crisis},
  journal   = {Journal of the American Medical Association (JAMA)},
  volume    = {326},
  number    = {6},
  pages     = {570},
  doi       = {10.1001/jama.2021.11191}
}

@article{Whelton2018Guideline,
  author    = {Whelton, P. K. and Carey, R. M. and Aronow, W. S. and Casey, Jr., D. E. and Collins, K. J. and Himmelfarb, C. D. and DePalma, S. M. and Gidding, S. and Jamerson, K. A. and Jones, D. W. and MacLaughlin, E. J. and Muntner, P. and Ovbiagele, B. and Smith, Jr., S. C. and Spencer, C. C. and Stafford, R. S. and Taler, S. J. and Thomas, R. J. and Williams, Sr., K. A. and Wright, Jr., J. T.},
  year      = {2018},
  title     = {2017 {ACC/AHA/AAPA/ABC/ACPM/AGS/APhA/ASH/ASPC/NMA/PCNA} Guideline for the Prevention, Detection, Evaluation, and Management of High Blood Pressure in Adults: {A} Report of the {American College of Cardiology/American Heart Association Task Force on Clinical Practice Guidelines}},
  journal   = {Journal of the American College of Cardiology},
  volume    = {71},
  number    = {19},
  pages     = {e127--e248},
  doi       = {10.1016/j.jacc.2017.11.006}
}